@misc{gopherwoodstudios,
  author =       {{Entanglement by Gopherwood Studios}},
  howpublished = {\url{https://entanglement.gopherwoodstudios.com/en-US-index.html}},
}

@misc{entanglementgithub,
  author =       {{Brian Shaginaw}},
  howpublished = {\url{https://github.com/orez-/entanglement}},
  note =         {[mre\v zno; stranica posje\' cena: lisotpad 2023.]},
}
@misc{heuristics,
  author =       {{softjourn; Heuristics Unleashed: A Comprehensive Guide to Heuristics in Computer Science and Programming}},
  howpublished = {\url{https://softjourn.com/insights/heuristic-programming}},
  note =         {[mre\v zno; stranica posje\' cena: svibanj 2024.]},
}
@misc{neuralnetworks,
  author =       {{IBM; What is a neural network?}},
  howpublished = {\url{https://www.ibm.com/topics/neural-networks}},
  note =         {[mre\v zno; stranica posje\' cena: svibanj 2024.]},
}
@misc{uuui,
  author =       {{Stranica predmeta Uvod u umjetnu inteligenciju Fakulteta Elektrotehnike i Raƒçunarstva}},
  howpublished = {\url{https://www.fer.unizg.hr/predmet/uuui}},
  note =         {[mre\v zno; stranica posje\' cena: svibanj 2024.]},
}
